<?xml version="1.0" encoding="UTF-8"?><collection><record><leader>02344ntm a2200361 a 4500</leader><controlfield tag="001">002641734</controlfield><controlfield tag="003">MiAaHDL</controlfield><controlfield tag="005">20190719000000.0</controlfield><controlfield tag="006">m        d        </controlfield><controlfield tag="007">cr bn ---auaua</controlfield><controlfield tag="008">930712s1644    xx            00| | ara d</controlfield><datafield tag="035" ind1=" " ind2=" "><subfield code="a">(MiU)002641734</subfield></datafield><datafield tag="035" ind1=" " ind2=" "><subfield code="a">sdr-miu002641734</subfield></datafield><datafield tag="035" ind1=" " ind2=" "><subfield code="a">(OCoLC)34366794</subfield></datafield><datafield tag="035" ind1=" " ind2=" "><subfield code="a">(RLIN)MIUH93-A204</subfield></datafield><datafield tag="040" ind1=" " ind2=" "><subfield code="a">MiU</subfield><subfield code="c">MiU</subfield><subfield code="e">appm</subfield></datafield><datafield tag="100" ind1="0" ind2=" "><subfield code="6">880-01</subfield><subfield code="a">Saʻdī Çelebi,</subfield><subfield code="d">d. 1538 or 9.</subfield></datafield><datafield tag="245" ind1="1" ind2="0"><subfield code="6">880-02</subfield><subfield code="a">Saʻdī Jalabī ʻAlī min tafsīr al-Qurʼān :</subfield><subfield code="k">manuscript,</subfield><subfield code="f">[1644].</subfield></datafield><datafield tag="300" ind1=" " ind2=" "><subfield code="a">1</subfield><subfield code="f">v. ([847] p.) ;</subfield><subfield code="c">23 cm</subfield></datafield><datafield tag="500" ind1=" " ind2=" "><subfield code="a">Text rubricated and enclosed within gold borders; white space with gold borders separates discussions of each chapter of the Koran; marginal notes and corrections in hand of copyist; on p. [1], table of contents; on p. [5], name of copyist: bi-khaṭṭ taʻlīq katabahu al-sharīf bi-Ṣadr al-Dīn Zādah; on p. [5], invocation against bookworms: kabikaj.</subfield></datafield><datafield tag="500" ind1=" " ind2=" "><subfield code="a">copying repeated in Turkish in illuminated roundel on p. [847].</subfield></datafield><datafield tag="500" ind1=" " ind2=" "><subfield code="a">Date of completion of original manuscript and of copying in colophon: qāla muʼallifuhu al-ʻallāmah mawlānā Saʻd Afandī ... waqaʻa al-ikhtitām ... yawm al-arbuʻāʼ khāmis Jumādá al-ūlá al-munkharaṭ fī silk shuhūr sanat arbaʻ wa-arbaʻīn wa-tisʻumiʼah [i.e. 10 October 1537] tamma ... yawm al-arbuʻāʼ arbaʻ ʻashar Muḥarram al-ḥarām fī shuhūr sanat arbaʻ wa-khamsīn wa-alf [i.e. 13 March 1644] ... ʻalá yad ... Ibn Muḥammad Amīn Rūḥ Allāh al-shahīr bi-Ṣadr al-Dīn Zādah; date of</subfield></datafield><datafield tag="520" ind1=" " ind2=" "><subfield code="a">Commentary on the Koran.</subfield></datafield><datafield tag="538" ind1=" " ind2=" "><subfield code="a">Mode of access: Internet.</subfield></datafield><datafield tag="541" ind1=" " ind2=" "><subfield code="d">1924</subfield><subfield code="3">Manuscript</subfield><subfield code="a">Anonymous</subfield><subfield code="c">Purchase, 1924</subfield><subfield code="h">$50.00</subfield></datafield><datafield tag="545" ind1=" " ind2=" "><subfield code="a">Grand Muftī of Istanbul, founder of the Dār al-Qurrāʼ there.</subfield></datafield><datafield tag="561" ind1=" " ind2=" "><subfield code="a">Purchased in Cairo, 1924. Once part of the personal manuscript collection of Sultan Abdülhamid II of Turkey.</subfield></datafield><datafield tag="630" ind1="0" ind2="0"><subfield code="a">Qurʼan</subfield><subfield code="x">Commentaries</subfield><subfield code="v">Early works to 1800.</subfield></datafield><datafield tag="650" ind1=" " ind2="0"><subfield code="a">Manuscripts, Arabic</subfield><subfield code="z">Michigan</subfield><subfield code="z">Ann Arbor.</subfield></datafield><datafield tag="700" ind1="0" ind2=" "><subfield code="a">Abdülhamid</subfield><subfield code="b">II,</subfield><subfield code="c">Sultan of the Turks,</subfield><subfield code="d">1842-1918,</subfield><subfield code="e">former owner.</subfield></datafield><datafield tag="773" ind1="0" ind2=" "><subfield code="a">Abdul Hamid Collection.</subfield><subfield code="7">unbc</subfield><subfield code="w">(CStRLIN)MIUH92-A187.</subfield></datafield><datafield tag="880" ind1="1" ind2="0"><subfield code="6">245-02/</subfield><subfield code="a">سعدي جلبي علي من تفسير القرآن :</subfield><subfield code="k">manuscript،</subfield><subfield code="f">[1644].</subfield></datafield><datafield tag="880" ind1="0" ind2=" "><subfield code="6">100-01/</subfield><subfield code="a">سعدي جلبي.</subfield></datafield><datafield tag="CID" ind1=" " ind2=" "><subfield code="a">002641734</subfield></datafield><datafield tag="DAT" ind1="0" ind2=" "><subfield code="a">20190719102633.0</subfield><subfield code="b">20190719000000.0</subfield></datafield><datafield tag="DAT" ind1="1" ind2=" "><subfield code="a">20190719090653.0</subfield><subfield code="b">2019-07-19T16:10:45Z</subfield></datafield><datafield tag="DAT" ind1="2" ind2=" "><subfield code="a">2015-10-10T18:00:06Z</subfield></datafield><datafield tag="CAT" ind1=" " ind2=" "><subfield code="a">SDR-MIU</subfield><subfield code="d">EX LIBRIS - ALEPH</subfield><subfield code="l">prepare.pl-004-008</subfield></datafield><datafield tag="FMT" ind1=" " ind2=" "><subfield code="a">BK</subfield></datafield><datafield tag="HOL" ind1=" " ind2=" "><subfield code="0">sdr-miu002641734</subfield><subfield code="a">MiU</subfield><subfield code="b">SDR</subfield><subfield code="c">MIU</subfield><subfield code="p">mdp.39015081446125</subfield><subfield code="s">MIU</subfield><subfield code="1">002641734</subfield></datafield><datafield tag="974" ind1=" " ind2=" "><subfield code="b">MIU</subfield><subfield code="c">MIU</subfield><subfield code="d">20190719</subfield><subfield code="s">lit-dlps-dc</subfield><subfield code="u">mdp.39015081446125</subfield><subfield code="y">1644</subfield><subfield code="r">pd</subfield><subfield code="q">bib</subfield><subfield code="t">non-US bib date1 &lt; 1879</subfield></datafield></record></collection>